@article{stargazer,
    title = {stargazer: Well-Formatted Regression and Summary
      Statistics Tables},
    author = {Marek Hlavac},
    year = {2022},
    note = {R package version 5.2.3},
    organization = {Social Policy Institute},
    address = {Bratislava, Slovakia},
    url = {https://CRAN.R-project.org/package=stargazer},
  }